
 
@book{baas_becking_geobiologie_1934,
	address = {The Hague, the Netherlands},
	title = {Geobiologie of inleiding tot de milieukunde},
	publisher = {W.P. Van Stockum & Zoon (in Dutch)},
	author = {Baas Becking, L.G.M.},
	year = {1934}
}


@article{martiny_microbial_2006,
	title = {Microbial biogeography: putting microorganisms on the map},
	volume = {4},
	issn = {1740-1526, 1740-1534},
	shorttitle = {Microbial biogeography},
	doi = {10.1038/nrmicro1341},
	number = {2},
	urldate = {2015-06-07},
	journal = {Nat. Rev. Microbiol.},
	author = {Martiny, Jennifer B. Hughes and Bohannan, Brendan J.M. and Brown, James H. and Colwell, Robert K. and Fuhrman, Jed A. and Green, Jessica L. and Horner-Devine, M. Claire and Kane, Matthew and Krumins, Jennifer Adams and Kuske, Cheryl R. and Morin, Peter J. and Naeem, Shahid and Øvreås, Lise and Reysenbach, Anna-Louise and Smith, Val H. and Staley, James T.},
	month = feb,
	year = {2006},
	pages = {102--112}
}


@article{kraemer_patterns_2015,
	title = {Patterns of {Local} {Adaptation} in {Space} and {Time} among {Soil} {Bacteria}},
	volume = {185},
	issn = {00030147, 15375323},
	doi = {10.1086/679585},
	language = {en},
	number = {3},
	urldate = {2015-06-07},
	journal = {Am. Nat. },
	author = {Kraemer, Susanne A. and Kassen, Rees},
	month = mar,
	year = {2015},
	pages = {317--331}
}


@article{gause_influence_1934,
  title={The Influence of Biologically Conditioned Media on the Growth of a Mixed Population of Paramecium caudatum and P. aureliax},
  author={Gause, GF and Nastukova, OK and Alpatov, WW},
  journal={J. Anim. Ecol.},
  volume={3},
  number={2},
  pages={222--230},
  year={1934},
  publisher={JSTOR}
}


@article{taylor_allee_2005,
	title = {Allee effects in biological invasions},
	volume = {8},
	issn = {1461023X, 14610248},
	doi = {10.1111/j.1461-0248.2005.00787.x},
	language = {en},
	number = {8},
	urldate = {2015-06-07},
	journal = {Ecol. Lett.},
	author = {Taylor, Caz M. and Hastings, Alan},
	month = aug,
	year = {2005},
	pages = {895--908}
}

@article{allee_studies_1932,
	title = {Studies in animal aggregations: {Mass} protection against colloidal silver among goldfishes},
	volume = {61},
	issn = {0022-104X, 1097-010X},
	shorttitle = {Studies in animal aggregations},
	doi = {10.1002/jez.1400610202},
	language = {en},
	number = {2},
	urldate = {2015-02-27},
	journal = {J. Exp. Zool.},
	author = {Allee, W. C. and Bowen, Edith S.},
	month = feb,
	year = {1932},
	pages = {185--207}
}



@article{gause_experimental_1935,
  title={Experimental demonstration of Volterra's periodic oscillations in the numbers of animals},
  author={Gause, GF},
  journal={J. Exp. Biol.},
  volume={12},
  number={1},
  pages={44--48},
  year={1935},
  publisher={The Company of Biologists Ltd}
}




@article{dennis_allee_2002,
	title = {Allee effects in stochastic populations},
	volume = {96},
	issn = {00301299},
	doi = {10.1034/j.1600-0706.2002.960301.x},
	language = {en},
	number = {3},
	urldate = {2015-02-17},
	journal = {Oikos},
	author = {Dennis, Brian},
	month = mar,
	year = {2002},
	pages = {389--401}
}




@article{dunn_new_2006,
	title = {New rfp- and {pES}213-{Derived} {Tools} for {Analyzing} {Symbiotic} {Vibrio} fischeri {Reveal} {Patterns} of {Infection} and lux {Expression} {In} {Situ}},
	volume = {72},
	issn = {0099-2240},
	doi = {10.1128/AEM.72.1.802-810.2006},
	language = {en},
	number = {1},
	urldate = {2015-02-26},
	journal = {Appl. Environ. Microb.},
	author = {Dunn, A. K. and Millikan, D. S. and Adin, D. M. and Bose, J. L. and Stabb, E. V.},
	month = jan,
	year = {2006},
	pages = {802--810}
}






@article{dai_generic_2012,
	title = {Generic {Indicators} for {Loss} of {Resilience} {Before} a {Tipping} {Point} {Leading} to {Population} {Collapse}},
	volume = {336},
	issn = {0036-8075, 1095-9203},
	doi = {10.1126/science.1219805},
	language = {en},
	number = {6085},
	urldate = {2014-08-05},
	journal = {Science},
	author = {Dai, L. and Vorselen, D. and Korolev, K. S. and Gore, J.},
	month = jun,
	year = {2012},
	pages = {1175--1177}
}

@article{pedler_single_2014,
	title = {Single bacterial strain capable of significant contribution to carbon cycling in the surface ocean},
	volume = {111},
	issn = {0027-8424, 1091-6490},
	doi = {10.1073/pnas.1401887111},
	language = {en},
	number = {20},
	urldate = {2015-02-26},
	journal = {Proc. Natl. Acad. Sci.},
	author = {Pedler, B. E. and Aluwihare, L. I. and Azam, F.},
	month = may,
	year = {2014},
	pages = {7202--7207}
}


@article{kramer_experimental_2010,
	title = {Experimental demonstration of population extinction due to a predator-driven {Allee} effect},
	volume = {79},
	issn = {00218790, 13652656},
	doi = {10.1111/j.1365-2656.2009.01657.x},
	language = {en},
	number = {3},
	urldate = {2015-02-17},
	journal = {J. Anim. Ecol.},
	author = {Kramer, Andrew M. and Drake, John M.},
	month = may,
	year = {2010},
	pages = {633--639}
}



@article{prosser_role_2007,
	title = {The role of ecological theory in microbial ecology},
	volume = {5},
	issn = {1740-1526, 1740-1534},
	doi = {10.1038/nrmicro1643},
	number = {5},
	urldate = {2014-08-05},
	journal = {Nat. Rev. Microbiol.},
	author = {Prosser, James I. and Bohannan, Brendan J. M. and Curtis, Tom P. and Ellis, Richard J. and Firestone, Mary K. and Freckleton, Rob P. and Green, Jessica L. and Green, Laura E. and Killham, Ken and Lennon, Jack J. and Osborn, A. Mark and Solan, Martin and van der Gast, Christopher J. and Young, J. Peter W.},
	month = may,
	year = {2007},
	pages = {384--392}
}





@article{gascoigne_allee_2004,
	title = {Allee effects driven by predation: {Predation}-driven {Allee} effects},
	volume = {41},
	issn = {00218901, 13652664},
	shorttitle = {Allee effects driven by predation},
	doi = {10.1111/j.0021-8901.2004.00944.x},
	language = {en},
	number = {5},
	urldate = {2015-02-27},
	journal = {J. Appl. Ecol.},
	author = {Gascoigne, Joanna C. and Lipcius, Romuald N.},
	month = sep,
	year = {2004},
	pages = {801--810}
}




@article{kramer_evidence_2009,
	title = {The evidence for {Allee} effects},
	volume = {51},
	issn = {1438-3896, 1438-390X},
	doi = {10.1007/s10144-009-0152-6},
	language = {en},
	number = {3},
	urldate = {2015-02-24},
	journal = {Popul. Ecol.},
	author = {Kramer, Andrew M. and Dennis, Brian and Liebhold, Andrew M. and Drake, John M.},
	month = jul,
	year = {2009},
	pages = {341--354}
}


@article{smith_programmed_2014,
	title = {Programmed Allee effect in bacteria causes a tradeoff between population spread and survival},
	volume = {111},
	doi = {10.1073/pnas.1315954111},
	language = {en},
	number = {5},
	journal = {Proc. Natl. Acad. Sci.},
	author = {Smith, R. and Tan, C. and Srimani, J. K. and Pai,  A. and Riccione, K. A. and Song, H. and You, L.},
	year = {2014},
	pages = {1969--1974}
}



@article{ishigaki_grazing_2001,
	title = {Grazing {Characteristics} and {Growth} {Efficiencies} at {Two} {Different} {Temperatures} for {Three} {Nanoflagellates} {Fed} with {Vibrio} {Bacteria} at {Three} {Different} {Concentrations}},
	volume = {41},
	issn = {0095-3628, 1432-184X},
	doi = {10.1007/s002480000060},
	language = {en},
	number = {3},
	urldate = {2015-06-07},
	journal = {Microb. Ecol.},
	author = {Ishigaki, T. and Sleigh, M.A.},
	month = apr,
	year = {2001},
	pages = {264--271}
}



@article{de_kievit_bacterial_2000,
	title = {Bacterial {Quorum} {Sensing} in {Pathogenic} {Relationships}},
	volume = {68},
	issn = {0019-9567},
	doi = {10.1128/IAI.68.9.4839-4849.2000},
	language = {en},
	number = {9},
	urldate = {2015-02-26},
	journal = {Infect. Immun.},
	author = {de Kievit, T. R. and Iglewski, B. H.},
	month = sep,
	year = {2000},
	pages = {4839--4849}
}



@article{tikhonenkov_species_2014,
	title = {Species diversity and changes of communities of heterotrophic flagellates (protista) in response to glacial melt in {King} {George} {Island}, the {South} {Shetland} {Islands}, {Antarctica}},
	volume = {26},
	issn = {0954-1020, 1365-2079},
	doi = {10.1017/S0954102013000448},
	language = {en},
	number = {02},
	urldate = {2015-08-03},
	journal = {Antarct. Sci.},
	author = {Tikhonenkov, Denis},
	month = apr,
	year = {2014},
	pages = {133--144}
}


