
@article{dai_generic_2012,
	title = {Generic {Indicators} for {Loss} of {Resilience} {Before} a {Tipping} {Point} {Leading} to {Population} {Collapse}},
	volume = {336},
	issn = {0036-8075, 1095-9203},
	url = {http://www.sciencemag.org/cgi/doi/10.1126/science.1219805},
	doi = {10.1126/science.1219805},
	language = {en},
	number = {6085},
	urldate = {2014-08-05},
	journal = {Science},
	author = {Dai, L. and Vorselen, D. and Korolev, K. S. and Gore, J.},
	month = jun,
	year = {2012},
	pages = {1175--1177}
}

@article{lyons_theory_2010,
	title = {Theory of island biogeography on a microscopic scale: organic aggregates as islands for aquatic pathogens},
	volume = {60},
	issn = {0948-3055, 1616-1564},
	shorttitle = {Theory of island biogeography on a microscopic scale},
	url = {http://www.int-res.com/abstracts/ame/v60/n1/p1-13/},
	doi = {10.3354/ame01417},
	language = {en},
	number = {1},
	urldate = {2014-08-05},
	journal = {Aquatic Microbial Ecology},
	author = {Lyons, Mm and Ward, Je and Gaff, H and Hicks, Re and Drake, Jm and Dobbs, Fc},
	month = may,
	year = {2010},
	pages = {1--13}
}

@article{prosser_role_2007,
	title = {The role of ecological theory in microbial ecology},
	volume = {5},
	issn = {1740-1526, 1740-1534},
	url = {http://www.nature.com/doifinder/10.1038/nrmicro1643},
	doi = {10.1038/nrmicro1643},
	number = {5},
	urldate = {2014-08-05},
	journal = {Nature Reviews Microbiology},
	author = {Prosser, James I. and Bohannan, Brendan J. M. and Curtis, Tom P. and Ellis, Richard J. and Firestone, Mary K. and Freckleton, Rob P. and Green, Jessica L. and Green, Laura E. and Killham, Ken and Lennon, Jack J. and Osborn, A. Mark and Solan, Martin and van der Gast, Christopher J. and Young, J. Peter W.},
	month = may,
	year = {2007},
	pages = {384--392}
}

@article{kramer_experimental_2010,
	title = {Experimental demonstration of population extinction due to a predator-driven {Allee} effect},
	volume = {79},
	issn = {00218790, 13652656},
	url = {http://doi.wiley.com/10.1111/j.1365-2656.2009.01657.x},
	doi = {10.1111/j.1365-2656.2009.01657.x},
	language = {en},
	number = {3},
	urldate = {2015-02-17},
	journal = {Journal of Animal Ecology},
	author = {Kramer, Andrew M. and Drake, John M.},
	month = may,
	year = {2010},
	pages = {633--639}
}

@article{reno_biogeography_2009,
	title = {Biogeography of the {Sulfolobus} islandicus pan-genome},
	volume = {106},
	issn = {0027-8424, 1091-6490},
	url = {http://www.pnas.org/cgi/doi/10.1073/pnas.0808945106},
	doi = {10.1073/pnas.0808945106},
	language = {en},
	number = {21},
	urldate = {2015-02-17},
	journal = {Proceedings of the National Academy of Sciences},
	author = {Reno, M. L. and Held, N. L. and Fields, C. J. and Burke, P. V. and Whitaker, R. J.},
	month = may,
	year = {2009},
	pages = {8605--8610}
}

@article{hellweger_biogeographic_2014,
	title = {Biogeographic patterns in ocean microbes emerge in a neutral agent-based model},
	volume = {345},
	issn = {0036-8075, 1095-9203},
	url = {http://www.sciencemag.org/cgi/doi/10.1126/science.1254421},
	doi = {10.1126/science.1254421},
	language = {en},
	number = {6202},
	urldate = {2015-02-17},
	journal = {Science},
	author = {Hellweger, F. L. and van Sebille, E. and Fredrick, N. D.},
	month = sep,
	year = {2014},
	pages = {1346--1349}
}

@article{dennis_allee_2002,
	title = {Allee effects in stochastic populations},
	volume = {96},
	issn = {00301299},
	url = {http://doi.wiley.com/10.1034/j.1600-0706.2002.960301.x},
	doi = {10.1034/j.1600-0706.2002.960301.x},
	language = {en},
	number = {3},
	urldate = {2015-02-17},
	journal = {Oikos},
	author = {Dennis, Brian},
	month = mar,
	year = {2002},
	pages = {389--401}
}

@article{sul_marine_2013,
	title = {Marine bacteria exhibit a bipolar distribution},
	volume = {110},
	issn = {0027-8424, 1091-6490},
	url = {http://www.pnas.org/cgi/doi/10.1073/pnas.1212424110},
	doi = {10.1073/pnas.1212424110},
	language = {en},
	number = {6},
	urldate = {2015-02-24},
	journal = {Proceedings of the National Academy of Sciences},
	author = {Sul, W. J. and Oliver, T. A. and Ducklow, H. W. and Amaral-Zettler, L. A. and Sogin, M. L.},
	month = feb,
	year = {2013},
	pages = {2342--2347}
}
