%% This BibTeX bibliography file was created using BibDesk.
%% http://bibdesk.sourceforge.net/

%% Created for Reni Kaul at 2015-09-08 13:45:59 -0400 


%% Saved with string encoding Unicode (UTF-8)
@article{veit_dispersal_1996,
     jstor_articletype = {research-article},
     title = {Dispersal, Population Growth, and the Allee Effect: Dynamics of the House Finch Invasion of Eastern North America},
     author = {Veit, Richard R. and Lewis, Mark A.},
     journal = {Am. Nat.},
     jstor_issuetitle = {},
     volume = {148},
     number = {2},
     jstor_formatteddate = {Aug., 1996},
     pages = {pp. 255-274},
     ISSN = {00030147},
     abstract = {Since about 1940, when they were first released in the New York City area, house finches (Carpodacus mexicanus) have multiplied explosively and colonized much of eastern North America. We take advantage of the richly detailed documentation of this biological invasion to construct a mathematical model that predicts the rate of population spread on the basis of readily measurable demographic parameters. We seek to improve on previous models by predicting a rate of spread that accelerates following an initial period of slower growth, a pattern of spread followed by house finches as well as a variety of other invading species. We postulate that an Allee effect-disproportionately lowered fecundity below a critical threshold density of abundance-is the mechanism leading to a slower rate of spread in the early stages of the invasion. Our integrodifference equation model also emphasizes the link between long-distance dispersal and the rate of population spread.},
     language = {English},
     year = {1996},
     publisher = {The University of Chicago Press for The American Society of Naturalists},
     copyright = {Copyright © 1996 The University of Chicago}
}


@article{steels_sorbic_2000,
	title = {Sorbic acid resistance: the inoculum effect},
	volume = {16},
	issn = {0749-503X, 1097-0061},
	shorttitle = {Sorbic acid resistance},
	language = {en},
	number = {13},
	urldate = {2015-02-27},
	journal = {Yeast},
	author = {Steels, H. and James, S. A. and Roberts, I. N. and Stratford, M.},
	month = sep,
	year = {2000},
	pages = {1173--1183}
}


@article{tikhonenkov_species_2014,
	title = {Species diversity and changes of communities of heterotrophic flagellates (protista) in response to glacial melt in {King} {George} {Island}, the {South} {Shetland} {Islands}, {Antarctica}},
	volume = {26},
	issn = {0954-1020, 1365-2079},
	doi = {10.1017/S0954102013000448},
	language = {en},
	number = {02},
	urldate = {2015-08-03},
	journal = {Antarct. Sci.},
	author = {Tikhonenkov, Denis},
	month = apr,
	year = {2014},
	pages = {133--144}
}

@article{richards_predatory_2012,
	title = {Predatory {Bacteria} as {Natural} {Modulators} of {Vibrio} parahaemolyticus and {Vibrio} vulnificus in {Seawater} and {Oysters}},
	volume = {78},
	issn = {0099-2240},
	doi = {10.1128/AEM.01594-12},
	language = {en},
	number = {20},
	urldate = {2015-03-26},
	journal = {Appl. Environ. Microb.},
	author = {Richards, G. P. and Fay, J. P. and Dickens, K. A. and Parent, M. A. and Soroka, D. S. and Boyd, E. F.},
	month = oct,
	year = {2012},
	pages = {7455--7466}
}

@article{knight_quantifying_2015,
	title = {Quantifying separation and similarity in a {Saccharomyces} cerevisiae metapopulation},
	volume = {9},
	issn = {1751-7362, 1751-7370},
	doi = {10.1038/ismej.2014.132},
	number = {2},
	urldate = {2015-02-26},
	journal = {ISME J},
	author = {Knight, Sarah and Goddard, Matthew R},
	month = feb,
	year = {2015},
	pages = {361--370}
}

@article{angulo_double_2007,
	title = {Double {Allee} {Effects} and {Extinction} in the {Island} {Fox}},
	volume = {21},
	issn = {0888-8892, 1523-1739},
	doi = {10.1111/j.1523-1739.2007.00721.x},
	language = {en},
	number = {4},
	urldate = {2015-02-27},
	journal = {Conserv. Biol.},
	author = {Angulo, Elena and Roemer, Gary W. and Berec, LuděK and Gascoigne, Joanna and Courchamp, Franck},
	month = aug,
	year = {2007},
	pages = {1082--1091}
}

@article{green_influence_1997,
	title = {The {Influence} of {Numbers} {Released} on the {Outcome} of {Attempts} to {Introduce} {Exotic} {Bird} {Species} to {New} {Zealand}},
	volume = {66},
	issn = {00218790},
	doi = {10.2307/5961},
	number = {1},
	urldate = {2015-06-07},
	journal = {J. Anim. Ecol. },
	author = {Green, R.E.},
	month = jan,
	year = {1997},
	pages = {25}
}

@article{axelrod_evolution_2006,
	title = {Evolution of cooperation among tumor cells},
	volume = {103},
	issn = {0027-8424, 1091-6490},
	doi = {10.1073/pnas.0606053103},
	language = {en},
	number = {36},
	urldate = {2015-06-07},
	journal = {Proc. Natl. Acad. Sci.},
	author = {Axelrod, R. and Axelrod, D. E. and Pienta, K. J.},
	month = sep,
	year = {2006},
	pages = {13474--13479}
}


@article{reno_biogeography_2009,
	title = {Biogeography of the {Sulfolobus} islandicus pan-genome},
	volume = {106},
	issn = {0027-8424, 1091-6490},
	doi = {10.1073/pnas.0808945106},
	language = {en},
	number = {21},
	urldate = {2015-02-17},
	journal = {Proc. Natl. Acad. Sci.},
	author = {Reno, M. L. and Held, N. L. and Fields, C. J. and Burke, P. V. and Whitaker, R. J.},
	month = may,
	year = {2009},
	pages = {8605--8610}
}

@article{saleem_multitrophic_2014,
	title = {Multitrophic microbial interactions for eco- and agro-biotechnological processes: theory and practice},
	volume = {32},
	issn = {01677799},
	shorttitle = {Multitrophic microbial interactions for eco- and agro-biotechnological processes},
	doi = {10.1016/j.tibtech.2014.08.002},
	language = {en},
	number = {10},
	urldate = {2015-03-26},
	journal = {Trends Biotechnol.},
	author = {Saleem, Muhammad and Moe, Luke A.},
	month = oct,
	year = {2014},
	pages = {529--537}
}

@article{waters_quorum_2005,
	title = {{QUORUM} {SENSING}: {Cell}-to-{Cell} {Communication} in {Bacteria}},
	volume = {21},
	issn = {1081-0706, 1530-8995},
	shorttitle = {{QUORUM} {SENSING}},
	doi = {10.1146/annurev.cellbio.21.012704.131001},
	language = {en},
	number = {1},
	urldate = {2015-03-01},
	journal = {Annu. Rev. Cell Dev. Bi.},
	author = {Waters, Christopher M. and Bassler, Bonnie L.},
	month = nov,
	year = {2005},
	pages = {319--346}
}

@article{barberan_using_2012,
	title = {Using network analysis to explore co-occurrence patterns in soil microbial communities},
	volume = {6},
	issn = {1751-7362, 1751-7370},
	doi = {10.1038/ismej.2011.119},
	number = {2},
	urldate = {2015-04-08},
	journal = {ISME J},
	author = {Barberán, Albert and Bates, Scott T and Casamayor, Emilio O and Fierer, Noah},
	month = feb,
	year = {2012},
	pages = {343--351}
}


@article{regoes_dose-dependent_2002,
	title = {Dose-dependent infection rates of parasites produce the {Allee} effect in epidemiology},
	volume = {269},
	issn = {0962-8452, 1471-2954},
	doi = {10.1098/rspb.2001.1816},
	language = {en},
	number = {1488},
	urldate = {2015-03-01},
	journal = {Proc. R. S. B},
	author = {Regoes, R. R. and Ebert, D. and Bonhoeffer, S.},
	month = feb,
	year = {2002},
	pages = {271--279}
}

@article{lyons_theory_2010,
	title = {Theory of island biogeography on a microscopic scale: organic aggregates as islands for aquatic pathogens},
	volume = {60},
	issn = {0948-3055, 1616-1564},
	shorttitle = {Theory of island biogeography on a microscopic scale},
	doi = {10.3354/ame01417},
	language = {en},
	number = {1},
	urldate = {2014-08-05},
	journal = {Aquat. Microb. Ecol.},
	author = {Lyons, Mm and Ward, Je and Gaff, H and Hicks, Re and Drake, Jm and Dobbs, Fc},
	month = may,
	year = {2010},
	pages = {1--13}
}

@article{vivant_microbial_2013,
	title = {Microbial {Diversity} and {Structure} {Are} {Drivers} of the {Biological} {Barrier} {Effect} against {Listeria} monocytogenes in {Soil}},
	volume = {8},
	issn = {1932-6203},
	doi = {10.1371/journal.pone.0076991},
	language = {en},
	number = {10},
	urldate = {2015-04-08},
	journal = {PLoS ONE},
	author = {Vivant, Anne-Laure and Garmyn, Dominique and Maron, Pierre-Alain and Nowak, Virginie and Piveteau, Pascal},
	editor = {Yang, Ching-Hong},
	month = oct,
	year = {2013},
	pages = {e76991}
}

@article{van_der_gucht_power_2007,
	title = {The power of species sorting: {Local} factors drive bacterial community composition over a wide range of spatial scales},
	volume = {104},
	issn = {0027-8424, 1091-6490},
	shorttitle = {The power of species sorting},
	doi = {10.1073/pnas.0707200104},
	language = {en},
	number = {51},
	urldate = {2015-06-07},
	journal = {Proc. Natl. Acad. Sci.},
	author = {Van der Gucht, K. and Cottenie, K. and Muylaert, K. and Vloemans, N. and Cousin, S. and Declerck, S. and Jeppesen, E. and Conde-Porcuna, J.-M. and Schwenk, K. and Zwart, G. and Degans, H. and Vyverman, W. and De Meester, L.},
	month = dec,
	year = {2007},
	pages = {20404--20409}
}

@article{litchman_invisible_2010,
	title = {Invisible invaders: non-pathogenic invasive microbes in aquatic and terrestrial ecosystems: {Invasive} microbes},
	volume = {13},
	issn = {1461023X},
	shorttitle = {Invisible invaders},
	doi = {10.1111/j.1461-0248.2010.01544.x},
	language = {en},
	number = {12},
	urldate = {2015-03-01},
	journal = {Ecol. Lett.},
	author = {Litchman, Elena},
	month = dec,
	year = {2010},
	pages = {1560--1572}
}

@article{de_wit_everything_2006,
	title = {'{Everything} is everywhere, but, the environment selects'; what did {Baas} {Becking} and {Beijerinck} really say?},
	volume = {8},
	issn = {1462-2912, 1462-2920},
	doi = {10.1111/j.1462-2920.2006.01017.x},
	language = {en},
	number = {4},
	urldate = {2015-02-27},
	journal = {Environ. Microbiol.},
	author = {de Wit, Rutger and Bouvier, Thierry},
	month = apr,
	year = {2006},
	pages = {755--758}
}

@article{macreadie_quorum_2015,
	title = {Quorum protection, growth and survival},
	volume = {2},
	issn = {23112638},
	doi = {10.15698/mic2015.02.188},
	number = {2},
	urldate = {2015-02-26},
	journal = {Microb. Cell},
	author = {Macreadie, Ian},
	month = feb,
	year = {2015},
	pages = {38--42}
}

@article{ward_predators_2008,
	title = {Predators reverse the direction of density dependence for juvenile salmon mortality},
	volume = {156},
	issn = {0029-8549, 1432-1939},
	doi = {10.1007/s00442-008-1011-4},
	language = {en},
	number = {3},
	urldate = {2015-02-27},
	journal = {Oecologia},
	author = {Ward, Darren M. and Nislow, Keith H. and Folt, Carol L.},
	month = jun,
	year = {2008},
	pages = {515--522}
}


@article{dennis_allee_1989,
	title = {Allee effects: population growth, critical density, and the chance of extinction},
	volume = {3},
	number = {4},
	journal = {Nat. Resour. Model.},
	author = {Dennis, Brian},
	year = {1989},
	pages = {481--538}
}

@article{telford_dispersal_2006,
	title = {Dispersal {Limitations} {Matter} for {Microbial} {Morphospecies}},
	volume = {312},
	issn = {0036-8075, 1095-9203},
	doi = {10.1126/science.1125669},
	language = {en},
	number = {5776},
	urldate = {2015-06-07},
	journal = {Science},
	author = {Telford, R. J.},
	month = may,
	year = {2006},
	pages = {1015--1015}
}

@article{kreft_mighty_2013,
	title = {Mighty small: {Observing} and modeling individual microbes becomes big science},
	volume = {110},
	issn = {0027-8424, 1091-6490},
	shorttitle = {Mighty small},
	doi = {10.1073/pnas.1317472110},
	language = {en},
	number = {45},
	urldate = {2015-03-25},
	journal = {Proc. Natl. Acad. Sci.},
	author = {Kreft, J.-U. and Plugge, C. M. and Grimm, V. and Prats, C. and Leveau, J. H. J. and Banitz, T. and Baines, S. and Clark, J. and Ros, A. and Klapper, I. and Topping, C. J. and Field, A. J. and Schuler, A. and Litchman, E. and Hellweger, F. L.},
	month = nov,
	year = {2013},
	pages = {18027--18028}
}

@article{sul_marine_2013,
	title = {Marine bacteria exhibit a bipolar distribution},
	volume = {110},
	issn = {0027-8424, 1091-6490},
	doi = {10.1073/pnas.1212424110},
	language = {en},
	number = {6},
	urldate = {2015-02-24},
	journal = {Proc. Natl. Acad. Sci.},
	author = {Sul, W. J. and Oliver, T. A. and Ducklow, H. W. and Amaral-Zettler, L. A. and Sogin, M. L.},
	month = feb,
	year = {2013},
	pages = {2342--2347}
}
 
@article{korolev_turning_2014,
	title = {Turning ecology and evolution against cancer},
	volume = {14},
	number = {5},
	journal = {Nat. Rev. Cancer},
	author = {Korolev, Kirill S. and Xavier, Joao B. and Gore, Jeff},
	year = {2014},
	pages = {371--380}
}

  @article{hellweger_biogeographic_2014,
	title = {Biogeographic patterns in ocean microbes emerge in a neutral agent-based model},
	volume = {345},
	issn = {0036-8075, 1095-9203},
	doi = {10.1126/science.1254421},
	language = {en},
	number = {6202},
	urldate = {2015-02-17},
	journal = {Science},
	author = {Hellweger, F. L. and van Sebille, E. and Fredrick, N. D.},
	month = sep,
	year = {2014},
	pages = {1346--1349}
}


  @article{dennis_allee_2002,
	title = {Allee effects in stochastic populations},
	volume = {96},
	issn = {00301299},
	doi = {10.1034/j.1600-0706.2002.960301.x},
	language = {en},
	number = {3},
	urldate = {2015-02-17},
	journal = {Oikos},
	author = {Dennis, Brian},
	month = mar,
	year = {2002},
	pages = {389--401}
}

@article{dunn_new_2006,
	Author = {Dunn, A. K. and Millikan, D. S. and Adin, D. M. and Bose, J. L. and Stabb, E. V.},
	Date-Modified = {2015-09-08 17:45:57 +0000},
	Doi = {10.1128/AEM.72.1.802-810.2006},
	Issn = {0099-2240},
	Journal = {Appl. Environ. Microb.},
	Language = {en},
	Month = jan,
	Number = {1},
	Pages = {802--810},
	Title = {New \textit{rfp}- and {pES213}-Derived Tools for Analyzing Symbiotic \textit{Vibrio fischeri} Reveal Patterns of Infection and lux Expression In Situ},
	Urldate = {2015-02-26},
	Volume = {72},
	Year = {2006},
	Bdsk-Url-1 = {http://dx.doi.org/10.1128/AEM.72.1.802-810.2006}}

  @Manual{bbmlepack,
    title = {bbmle: Tools for general maximum likelihood estimation},
    author = {Ben Bolker and R Development Core Team},
    year = {2014},
    note = {R package version 1.0.17},
    url = {http://CRAN.R-project.org/package=bbmle},
  }
  
    @Manual{baseR,
    title = {R: A Language and Environment for Statistical Computing},
    author = {{R Core Team}},
    organization = {R Foundation for Statistical Computing},
    address = {Vienna, Austria},
    year = {2015},
    url = {http://www.R-project.org/},
  }
  
